@article{Yagi:2005yb,
      author         = "Yagi, K. and Hatsuda, T. and Miake, Y.",
      title          = "{Quark-gluon plasma: From big bang to little bang}",
      journal        = "Camb. Monogr. Part. Phys. Nucl. Phys. Cosmol.",
      volume         = "23",
      year           = "2005",
      pages          = "1-446",
      SLACcitation   = "%%CITATION = CMPCE,23,1;%%"
}
@article{Kolb:1990vq,
      author         = "Kolb, Edward W. and Turner, Michael S.",
      title          = "{The Early Universe}",
      journal        = "Front. Phys.",
      volume         = "69",
      year           = "1990",
      pages          = "1-547",
      SLACcitation   = "%%CITATION = FRPHA,69,1;%%"
}
@article{Penzias:1965wn,
      author         = "Penzias, Arno A. and Wilson, Robert Woodrow",
      title          = "{A Measurement of excess antenna temperature at
                        4080-Mc/s}",
      journal        = "Astrophys. J.",
      volume         = "142",
      year           = "1965",
      pages          = "419-421",
      doi            = "10.1086/148307",
      SLACcitation   = "%%CITATION = ASJOA,142,419;%%"
}
